
<record>
  <controlfield tag="001">1633504</controlfield>
  <datafield tag="024" ind1="7" ind2=" ">
    <subfield code="2">DOI</subfield>
    <subfield code="9">submitter</subfield>
    <subfield code="a">10.1016/j.radphyschem.2005.12.028</subfield>
  </datafield>
  <datafield tag="035" ind1=" " ind2=" ">
    <subfield code="9">INSPIRETeX</subfield>
    <subfield code="a">Barnyakov:2006yiw</subfield>
  </datafield>
  <datafield tag="035" ind1=" " ind2=" ">
    <subfield code="9">DESY</subfield>
    <subfield code="z">DA17-kp45bv</subfield>
  </datafield>
  <datafield tag="245" ind1=" " ind2=" ">
    <subfield code="9">submitter</subfield>
    <subfield code="a">Development of aerogel Cherenkov counters at Novosibirsk</subfield>
  </datafield>
</record>

</collection>